<?xml version="1.0" encoding="UTF-8"?><collection><record><leader>07809ntm a2200589 a 4500</leader><controlfield tag="001">006786583</controlfield><controlfield tag="003">MiAaHDL</controlfield><controlfield tag="005">20190719000000.0</controlfield><controlfield tag="006">m        d        </controlfield><controlfield tag="007">cr bn ---auaua</controlfield><controlfield tag="008">090519s1719    xx            00| ||ara d</controlfield><datafield tag="035" ind1=" " ind2=" "><subfield code="a">(MiU)006786583</subfield></datafield><datafield tag="035" ind1=" " ind2=" "><subfield code="a">sdr-miu006786583</subfield></datafield><datafield tag="040" ind1=" " ind2=" "><subfield code="a">MiU</subfield><subfield code="c">MiU</subfield><subfield code="e">amremm</subfield></datafield><datafield tag="043" ind1=" " ind2=" "><subfield code="a">n-us-mi</subfield><subfield code="a">ff-----</subfield><subfield code="a">aw-----</subfield><subfield code="a">e-sp---</subfield></datafield><datafield tag="100" ind1="1" ind2=" "><subfield code="6">880-01</subfield><subfield code="a">Ibn ʻAllān, Muḥammad ʻAlī ibn Muḥammad,</subfield><subfield code="d">1588-1648.</subfield></datafield><datafield tag="240" ind1="1" ind2="0"><subfield code="6">880-02</subfield><subfield code="a">Futūḥāt al-rabbānīyah.</subfield><subfield code="n">juzʼ 1</subfield></datafield><datafield tag="245" ind1="1" ind2="3"><subfield code="6">880-03</subfield><subfield code="a">[al-Juzʼ al-awwal min al-Futūḥāt al-rabbānīyah ʻalá al-Adhkār al-Nawawīyah,</subfield><subfield code="f">1131, i.e. 1719].</subfield></datafield><datafield tag="246" ind1="3" ind2=" "><subfield code="6">880-04</subfield><subfield code="i">Edge title:</subfield><subfield code="a">Sharḥ al-Adhkār</subfield></datafield><datafield tag="260" ind1=" " ind2=" "><subfield code="c">[1719].</subfield></datafield><datafield tag="300" ind1=" " ind2=" "><subfield code="a">298 leaves :</subfield><subfield code="b">paper ;</subfield><subfield code="c">300 x 195 (225 x 130) mm. bound to 300 x 196-205 mm.</subfield></datafield><datafield tag="500" ind1=" " ind2=" "><subfield code="a">Shelfmark: Ann Arbor, University of Michigan, Special Collections Library, Isl. Ms. 532 v.1</subfield></datafield><datafield tag="500" ind1=" " ind2=" "><subfield code="a">Origin: As appears in colophon on fol.297b, copying of the first volume completed (najiza hādhā al-juzʼ al-mubārak...") 8th Shaʻbān 1131 [ca. 26 June 1719]. Copyist is named in colophon of second volume (ʻAlī ibn al-Shaykh ʻAlī ibn al-Shaykh Ḥasan ibn al-Shaykh ʻAlī ibn al-Shaykh ʻUmar al-ʻAmmūrī [ʻUmūrī] al-Mālikī al-Azharī).</subfield></datafield><datafield tag="500" ind1=" " ind2=" "><subfield code="a">Accompanying materials: a. Inventory cataloguing slip in hand of Winifred Smeaton Thomas. -- b. Acquisitions slip from Yahuda. -- c. small slip with notes inserted between fol.38b-39a (p.76-77).</subfield></datafield><datafield tag="500" ind1=" " ind2=" "><subfield code="a">Former shelfmark: From inscription in blue pencil on inner front cover "IL 478" (likely supplied by Yahuda, see acquisitions slip).</subfield></datafield><datafield tag="500" ind1=" " ind2=" "><subfield code="a">Binding: Pasteboard covered in red goatskin ; Type III binding (without flap) ; board linings in European laid paper (lining upper cover apparently once served as back flyleaf for the second volume of this work, compare offset on upper doublure with prayers flanking colophon of Isl. Ms. 532 v.2) ; upper and lower covers bear only very rough, uneven rule-border ; lower cover seems somewhat smaller than upper cover ; material covering boards also matches repairs to binding of the second volume ; in fair condition, though quite worn and spine is peeling.</subfield></datafield><datafield tag="500" ind1=" " ind2=" "><subfield code="a">Support: European laid paper ; very clear single chain lines, running vertically and evenly spaced 25-29 mm. apart ; laid lines running horizontally and spaced roughly 10 laid lines per cm. ; some ink burn.</subfield></datafield><datafield tag="500" ind1=" " ind2=" "><subfield code="a">Decoration: Illuminated headpiece (ʻunwān) accompanies opening on fol.1b, consists of rectangular panel containing an empty cartouche in gold flanked by angular vegetal accents in blue, red, and gold ; rectangular panel is surmounted by well with semi-circular piece (dome) evoking the miḥrāb filled with vegetal design in gold, red, blue, and black and surmounted by short 'vertical' stalks (tīgh) ; gold rule-border on incipit and facing page, with red rule-borders throughout thereafter ; occasional textual dividers in the form of red discs ; keywords such as "قوله", notabilia, and some section headings rubricated ; overlining in red.</subfield></datafield><datafield tag="500" ind1=" " ind2=" "><subfield code="a">Script: Naskh ; clear, compact Egyptian hand ; seriffed with small right-sloping serifs on free standing alif, lām, ṭāʼ, etc., curvilinear though somewhat flattened descenders, pointing mainly in distinct dots, kāf mashqūqah preferred (even final kāf) ; same hand appears in second volume.</subfield></datafield><datafield tag="500" ind1=" " ind2=" "><subfield code="a">Layout: Written in 39 lines per page; frame-ruled (impression of ruling board evident).</subfield></datafield><datafield tag="500" ind1=" " ind2=" "><subfield code="a">Collation: V-1 (9), 28 V (289), V-1 (298) ; chiefly quinions flanked by anomalous quinions at front and back ; first two leaves of the first quire may be adhered together, giving the anomalous quinion ; quire numbering in red ink in the form of Hindu-Arabic numerals surmounted by the letter kāf (mabsuṭah) appears on the top outer corner of the first folio of each quire; catchwords present ; final folio is completely blank but without missing text ; occasional lacunae throughout are marked "بياض بالاصل" (see fol.68a, 164b, etc.) ; foliation in black ink, Hindu-Arabic numerals present but often not visible due to trimming, mistakenly skips from ١٨٨ to ١٩٩ ; foliation in pencil, Hindu-Arabic numerals occasionally appears clarifying and correcting the foliation in ink ; pagination in pencil, Western numerals (referenced in cataloguing).</subfield></datafield><datafield tag="500" ind1=" " ind2=" "><subfield code="a">Colophon: "Scribal," triangular, reads: "نجز هذا الجزء المبارك ثامن يوم حلت في شهر شعبان المبارك من شهور سنة احدى وثلاثين ومائة والف من الهجرة النبوية على صاحبها افضل الصلاة والسلام يليه الجزء الثاني الى اخر الكتاب للامام الحافظ الثاني كابن حجر العسقلاني العلامة ابن علان الصديقي نزيل مكة المشرفة شرفها الله تعالى امين"</subfield></datafield><datafield tag="500" ind1=" " ind2=" "><subfield code="a">Explicit: "اي مثل الذي اصابهم او مثل مصابهم فما موصولة امسي او حرفي انتهى [؟] والله سبحانه وتعالى اعلم"</subfield></datafield><datafield tag="500" ind1=" " ind2=" "><subfield code="a">Incipit: "وبه ثقتي الحمد لله الذاكر من ذكره والمغدق سحائب النوال على من شكره ... وبعد فيقول فقير رحمة ربه ... محمد علي بن محمد علان البكري الصديقي الشافعي ... وسميته الفتوحات الربانية على الاذكار النواوية ... قوله الحمد لله سيأتي الكلام على الحمد في بابه ان شاء الله تعالى ..."</subfield></datafield><datafield tag="500" ind1=" " ind2=" "><subfield code="a">Title supplied by cataloguer.</subfield></datafield><datafield tag="500" ind1=" " ind2=" "><subfield code="a">Ms. codex.</subfield></datafield><datafield tag="510" ind1="4" ind2=" "><subfield code="a">Hajji Khalifah. Kashf al-ẓunūn,</subfield><subfield code="c">iv 380, cf. iii 109,</subfield></datafield><datafield tag="510" ind1="4" ind2=" "><subfield code="a">Brockelmann, C. GAL,</subfield><subfield code="c">I, 397, no. XIX.</subfield></datafield><datafield tag="520" ind1="8" ind2=" "><subfield code="a">First volume of Ibn ʻAllān's commentary on Ḥilyat al-abrār wa shiʻār al-akhyār, or al-Adhkār al-Nawawīyah, a work of prayers compiled from traditions by Muḥyī al-Dīn Abū Zakarīyā Yaḥyá ibn Sharaf al-Nawawī (d. 676/1277).</subfield></datafield><datafield tag="538" ind1=" " ind2=" "><subfield code="a">Mode of access: Internet.</subfield></datafield><datafield tag="541" ind1=" " ind2=" "><subfield code="a">Acquired in 1926 from the bookseller Isaac Benjamin S.E. Yahuda via purchase transacted on his behalf by Abraham Shalom Yahuda (1877-1951), his younger brother.</subfield></datafield><datafield tag="546" ind1=" " ind2=" "><subfield code="a">Arabic.</subfield></datafield><datafield tag="561" ind1=" " ind2=" "><subfield code="a">Ownership marks on fol.1a are unclear, but include a waqf statement dated Muḥarram 1251 [1835] and an oval inspection stamp for the port of Tripoli (Lebanon) in purple ink dated 1313 [1895 or 6] with inscription in Ottoman Turkish reading "معاينة اولنمشدر طرابلس شام ١٣١٣" ; detailed collation notes indicating that this copy was collated with the author's copy appear consistently on the final leaf of the first nine quires ; marginal corrections indicate variants (often citing the manuscript of comparison), clarify cacographic errors, etc. ; occasional notabilia and glosses.</subfield></datafield><datafield tag="600" ind1="0" ind2="0"><subfield code="a">Nawawī,</subfield><subfield code="d">1233-1277.</subfield><subfield code="t">Adhkār.</subfield></datafield><datafield tag="650" ind1=" " ind2="0"><subfield code="a">Manuscripts, Arabic</subfield><subfield code="z">Michigan</subfield><subfield code="z">Ann Arbor.</subfield></datafield><datafield tag="650" ind1=" " ind2="0"><subfield code="a">Hadith</subfield><subfield code="x">Criticism, interpretation, etc.</subfield><subfield code="v">Early works to 1800.</subfield></datafield><datafield tag="650" ind1=" " ind2="0"><subfield code="a">Islam</subfield><subfield code="v">Prayers and devotions</subfield><subfield code="v">Early works to 1800.</subfield></datafield><datafield tag="655" ind1=" " ind2="7"><subfield code="a">Headpieces (layout features)</subfield><subfield code="z">Islamic empire</subfield><subfield code="y">18th century.</subfield><subfield code="2">aat</subfield></datafield><datafield tag="700" ind1="0" ind2=" "><subfield code="6">880-07</subfield><subfield code="a">ʻAlī ibn al-Shaykh ʻAlī al-ʻAmmūrī,</subfield><subfield code="d">fl. 1719.</subfield><subfield code="e">scribe.</subfield></datafield><datafield tag="773" ind1="0" ind2=" "><subfield code="a">Yahuda Collection.</subfield></datafield><datafield tag="880" ind1="0" ind2=" "><subfield code="6">700-07/</subfield><subfield code="a">علي بن الشيخ علي العموري.</subfield><subfield code="e">ناسخ.</subfield></datafield><datafield tag="880" ind1="3" ind2=" "><subfield code="6">246-04/</subfield><subfield code="a">شرح الاذكار</subfield></datafield><datafield tag="880" ind1="1" ind2="2"><subfield code="6">245-03/</subfield><subfield code="a">[الجزء الاول من الفتوحات الربانية على الاذكار النووية,</subfield><subfield code="f">1131ه، 1719م].</subfield></datafield><datafield tag="880" ind1="1" ind2="0"><subfield code="6">240-02/</subfield><subfield code="a">فتوحات الربانية.</subfield><subfield code="n">جزء 1</subfield></datafield><datafield tag="880" ind1="1" ind2=" "><subfield code="6">100-01/</subfield><subfield code="a">ابن علان، محمد علي بن محمد.</subfield></datafield><datafield tag="CID" ind1=" " ind2=" "><subfield code="a">006786583</subfield></datafield><datafield tag="DAT" ind1="0" ind2=" "><subfield code="a">20190719102635.0</subfield><subfield code="b">20190719000000.0</subfield></datafield><datafield tag="DAT" ind1="1" ind2=" "><subfield code="a">20190719090653.0</subfield><subfield code="b">2019-07-19T16:11:27Z</subfield></datafield><datafield tag="DAT" ind1="2" ind2=" "><subfield code="a">2015-10-02T18:00:03Z</subfield></datafield><datafield tag="CAT" ind1=" " ind2=" "><subfield code="a">SDR-MIU</subfield><subfield code="d">EX LIBRIS - ALEPH</subfield><subfield code="l">prepare.pl-004-008</subfield></datafield><datafield tag="FMT" ind1=" " ind2=" "><subfield code="a">BK</subfield></datafield><datafield tag="HOL" ind1=" " ind2=" "><subfield code="0">sdr-miu006786583</subfield><subfield code="a">MiU</subfield><subfield code="b">SDR</subfield><subfield code="c">MIU</subfield><subfield code="p">mdp.39015079126424</subfield><subfield code="s">MIU</subfield><subfield code="1">006786583</subfield></datafield><datafield tag="974" ind1=" " ind2=" "><subfield code="b">MIU</subfield><subfield code="c">MIU</subfield><subfield code="d">20190719</subfield><subfield code="s">lit-dlps-dc</subfield><subfield code="u">mdp.39015079126424</subfield><subfield code="y">1719</subfield><subfield code="r">pd</subfield><subfield code="q">bib</subfield><subfield code="t">non-US bib date1 &lt; 1879</subfield></datafield></record></collection>